<record><leader>00000cas a22000007a 4500</leader><controlfield tag="001">17004492</controlfield><controlfield tag="008">871119d19301932msuwr ne      0    0eng d</controlfield><datafield ind1=" " ind2=" " tag="010"><subfield code="a">sn 87065742 </subfield></datafield><datafield ind1=" " ind2=" " tag="040"><subfield code="a">MSJ</subfield><subfield code="b">eng</subfield><subfield code="c">MSJ</subfield><subfield code="d">OCL</subfield><subfield code="d">OCLCQ</subfield></datafield><datafield ind1=" " ind2=" " tag="042"><subfield code="a">msc</subfield></datafield><datafield ind1="0" ind2=" " tag="130"><subfield code="a">News-advertiser (Amory, Miss.)</subfield></datafield><datafield ind1="1" ind2="4" tag="245"><subfield code="a">The News-advertiser.</subfield></datafield><datafield ind1=" " ind2=" " tag="260"><subfield code="a">Amory, Monroe Co., Miss. :</subfield><subfield code="b">Theron D. Harden,</subfield><subfield code="c">1930-1932.</subfield></datafield><datafield ind1=" " ind2=" " tag="310"><subfield code="a">Weekly</subfield></datafield><datafield ind1="0" ind2=" " tag="362"><subfield code="a">Vol. 15, no. 5 (Dec. 25, 1930)-v. 3, no. 22 (Apr. 28, 1932).</subfield></datafield><datafield ind1=" " ind2=" " tag="515"><subfield code="a">Numbering is irregular.</subfield></datafield><datafield ind1=" " ind2=" " tag="752"><subfield code="a">United States</subfield><subfield code="b">Mississippi</subfield><subfield code="c">Monroe</subfield><subfield code="d">Amory.</subfield></datafield><datafield ind1="0" ind2="0" tag="780"><subfield code="t">Amory news-advertiser (Amory, Miss. : 1929)</subfield><subfield code="w">(OCoLC)17972561</subfield></datafield><datafield ind1="0" ind2="6" tag="785"><subfield code="t">Amory advertiser (Amory, Miss. : 1932)</subfield><subfield code="w">(OCoLC)14438758</subfield></datafield><datafield ind1="0" ind2="6" tag="785"><subfield code="t">Amory news (Amory, Miss. : 1932)</subfield><subfield code="w">(OCoLC)17001138</subfield></datafield></record>